<record><leader>00000cas a22000007a 4500</leader><controlfield tag="001">13658479</controlfield><controlfield tag="008">860529d18791879pauwr ne      0    0eng d</controlfield><datafield ind1=" " ind2=" " tag="010"><subfield code="a">sn 86081479 </subfield></datafield><datafield ind1=" " ind2=" " tag="040"><subfield code="a">NPH</subfield><subfield code="b">eng</subfield><subfield code="c">NPH</subfield><subfield code="d">OCLCQ</subfield></datafield><datafield ind1=" " ind2=" " tag="042"><subfield code="a">msc</subfield></datafield><datafield ind1="0" ind2="0" tag="245"><subfield code="a">Sunday morning breakfast table.</subfield></datafield><datafield ind1=" " ind2=" " tag="260"><subfield code="a">Williamsport, Pa. :</subfield><subfield code="b">S. Vin. Derrah</subfield></datafield><datafield ind1=" " ind2=" " tag="300"><subfield code="a">v. :</subfield><subfield code="b">ill. ;</subfield><subfield code="c">56 cm.</subfield></datafield><datafield ind1=" " ind2=" " tag="310"><subfield code="a">Weekly</subfield></datafield><datafield ind1="1" ind2=" " tag="362"><subfield code="a">Began with Mar. 7, 1879 issue.</subfield><subfield code="z">Cf. Meginness, J. History of Lycoming Co., Pa.</subfield></datafield><datafield ind1="1" ind2=" " tag="362"><subfield code="a">Ceased in 1879?</subfield></datafield><datafield ind1=" " ind2=" " tag="500"><subfield code="a">Issued every Sunday morning.</subfield></datafield><datafield ind1=" " ind2=" " tag="588"><subfield code="a">Description based on: Vol. 1, no. 26 (Sept. 7, 1879).</subfield></datafield><datafield ind1=" " ind2=" " tag="752"><subfield code="a">United States</subfield><subfield code="b">Pennsylvania</subfield><subfield code="c">Lycoming</subfield><subfield code="d">Williamsport.</subfield></datafield><datafield ind1="0" ind2="0" tag="785"><subfield code="t">Williamsport Sunday breakfast table</subfield></datafield></record>